2341 3517
276 52 609 159 Comitijs
631 42 1325 152 proximis‚omnium
1347 34 1814 125 Ordinum‚ac
1834 38 2025 110 Statu
2038 31 2158 110 iim

276 167 676 246 nostrorum
699 158 1024 262 suffragijs
1042 211 1063 247 ,
1086 152 1364 228 nemine
1400 148 1674 254 prorsus
1708 148 2026 224 nostrum
2052 145 2153 222 se-

276 307 394 357 cus
413 276 731 353 sentiente
753 327 772 363 ‚
797 267 1298 373 postulauimus
1327 305 1348 327 ο

163 397 332 494 Qa
356 383 817 494 postulatione
839 375 1070 454 nostra
1109 402 1258 451 non
1291 366 1588 451 frustrati
1606 430 1628 467 ,
1650 370 2020 478 postquam
2047 374 2153 450 vit

273 503 506 592 dimus
526 553 547 590 ,
568 518 632 572 te
652 493 854 574 nobis
875 490 911 564 a
933 487 1243 566 Caesarea
1263 543 1285 581 ,
1309 514 1388 561 ac
1407 486 1626 590 Regia
1651 481 2009 561 Maiestate
2043 484 2156 560 sua

274 639 427 692 tam
447 609 815 686 clementer
836 597 955 677 effe
972 595 1358 674 concessum
1377 655 1399 692 ,
1418 617 1493 673 vt
1514 622 1665 701 quae
1684 597 1947 696 semper
1961 651 1981 686 ,
2005 595 2158 670 ma-

275 726 427 830 gnis
447 721 659 796 etiam
681 710 1033 790 interdum
1053 708 1195 815 alijs
1219 711 1392 786 curis
1415 708 1544 782 suis
1563 706 1860 811 sepositis
1880 762 1900 798 ‚
1925 705 2155 782 sedulo

274 833 530 914 studuit
547 828 794 935 gratias
813 819 958 898 suas
975 825 1049 897 in
1069 846 1200 895 nos
1218 821 1556 898 vberrime
1575 876 1596 912 ,
1622 846 1700 894 ac
1736 819 1888 892 beni
1895 815 2153 918 guissis

278 948 393 1032 me
412 938 763 1020 effundere
783 994 804 1030 ,
825 945 897 1010 δε
915 931 1109 1008 saluti
1132 929 1381 1008 nostrae
1405 929 1696 1006 mirabili
1717 929 2021 1035 quadam
2041 987 2062 1022 ,
2081 938 2158 1004 δε

275 1052 635 1166 plusquam
656 1071 933 1154 paterna
955 1041 1414 1119 sollicitudine
1433 1038 1833 1147 prospicere,
1851 1037 1983 1115 dici
2005 1066 2158 1115 non

277 1166 503 1277 potest
522 1222 542 1261 ,
559 1171 817 1271 qnanta
838 1182 967 1234 nos
983 1154 1211 1233 laetitia
1248 1153 1556 1231 habuerit
1572 1209 1593 1247 ‚
1611 1173 1946 1259 quantam
1968 1146 2157 1254 spem

281 1303 566 1389 quoque
601 1270 1154 1376 concoeperimus
1170 1324 1191 1362 ,
1212 1288 1279 1343 te
1319 1264 1607 1344 demum
1642 1261 2017 1372 aliquando
2039 1261 2158 1361 (fic

276 1394 471 1471 rebus
507 1386 756 1465 nostris
778 1381 1044 1460 dudum
1082 1379 1440 1457 attenuatis
1472 1435 1494 1471 ,
1530 1388 1600 1452 ὅ(
1622 1402 1837 1481 prope
1874 1374 2151 1475 accifis)

283 1531 444 1582 eum
465 1498 692 1605 ipsum
714 1492 1182 1595 Rudolphum
1224 1489 1581 1569 Austrium
1607 1488 1980 1593 Hungariae
2019 1511 2157 1558 not

282 1615 429 1694 strae
447 1610 760 1687 futurum
776 1600 1160 1681 affertorem
1182 1659 1202 1696 ‚
1224 1604 1344 1709 qui
1362 1603 1623 1705 primus
1661 1596 2028 1703 Augustale
2050 1592 2160 1669 fat

283 1727 564 1832 stigium
582 1722 656 1795 in
675 1719 1067 1825 prosapiam
1088 1736 1279 1789 tuam
1300 1710 1565 1789 induxit
1586 1765 1603 1783 .
1650 1705 2150 1812 Debellatisque

281 1851 352 1917 δέ
376 1838 507 1913 suis
522 1891 542 1928 ‚
565 1843 638 1908 δε
663 1832 933 1935 {mperij
951 1825 1261 1901 hostibus
1278 1881 1298 1918 ‚
1323 1849 1424 1899 res
1441 1847 1721 1929 quoque
1737 1820 2164 1910 Germaniae,

283 1978 398 2057 per
415 1972 629 2054 quam
651 1940 952 2018 intestini
971 1936 1305 2013 tumultus
1325 1940 1351 2015 1
1361 1931 1670 2037 mperiali
1693 1930 2047 2009 Maiestate
2081 1954 2164 2002 or

284 2066 522 2139 batam
555 2052 877 2130 latissime
908 2047 1370 2156 graffabantu‘r
1386 2103 1408 2140 ‚
1447 2044 1717 2149 pacauit
1752 2099 1773 2137 ‚
1812 2042 2031 2117 vniuit
2054 2101 2073 2132 ,
2095 2049 2166 2112 ὃς

282 2166 719 2276 Imperialem
741 2162 1067 2238 decorem
1087 2184 1203 2262 per
1223 2184 1377 2234 eam
1415 2153 1869 2261 imposterum
1891 2149 2169 2236 studio!

285 2284 536 2362 fissime
557 2273 933 2357 colendum
950 2334 972 2370 ‚
992 2266 1640 2375 obseruandumc'lue
1662 2264 1898 2341 docuit
1923 2321 1945 2359 ,
1965 2284 2167 2372 atque

290 2389 519 2473 effecit
542 2447 562 2468 .

182 2518 633 2614 Quapropter
664 2499 874 2608 ijdem
910 2526 1041 2576 nos
1072 2522 1317 2574 omnes
1359 2494 1677 2598 Hungari
1715 2555 1736 2586 ‚
1773 2488 2037 2567 Praelati
2061 2493 2167 2565 ni-

285 2620 553 2699 mirum
573 2642 649 2690 ac
669 2620 978 2690 Batones
1006 2609 1236 2716 totac‘p
1262 2607 1611 2685 Nobilitas
1630 2661 1650 2698 ‚
1686 2615 1756 2679 δε
1778 2605 1992 2679 caeteri
2014 2603 2166 2677 vni-

283 2728 451 2809 uersi
471 2727 780 2805 Ordines
797 2783 818 2818 ‚
837 2751 915 2799 ac
936 2729 1159 2799 Status
1201 2719 1434 2824 Regni
1471 2718 1809 2820 sperantes
1828 2771 1848 2806 ,
1863 2735 1931 2787 te
1964 2714 2167 2787 nobis

290 2848 565 2946 Regem
586 2894 607 2930 ,
625 2858 697 2914 vt
721 2836 972 2912 iustum
993 2891 1014 2928 ,
1032 2841 1103 2906 δέ
1121 2833 1562 2921 clementem,
1580 2829 1670 2902 ita
1700 2836 1770 2901 ὃ(
1788 2822 2073 2914 fortem,
2095 2832 2167 2897 &t

289 2955 678 3029 libertatum
698 2945 1088 3023 nostrarum
1110 2932 2165 3039 amatorem,conseruatorem(13

287 3063 600 3143 futurum
621 3115 641 3157 ‚
659 3082 834 3169 quot
852 3114 874 3155 ‚
890 3078 1070 3163 quot
1092 3055 1179 3136 ad
1198 3058 1375 3135 hanc
1398 3048 1841 3158 foeliciissimae
1859 3069 2168 3124 coronat

1962 3180 2179 3234 tionis
